@inproceedings{b:hannay2009,
  author = "Jo Erskine Hannay and Hans Petter Langtangen and Carolyn MacLeod and Dietmar Pfahl and Janice Singer and Greg Wilson",
  title = "How Do Scientists Develop and Use Scientific Software?",
  booktitle = "Second International Workshop on Software Engineering for Computational Science and Engineering (SECSE09)",
  year = "2009"
}

@inproceedings{b:prabhu2011,
	author = {Prakash Prabhu and Thomas B. Jablin and Arun Raman and Yun Zhang and Jialu Huang and Hanjun Kim and Nick P. Johnson and Feng Liu and Soumyadeep Ghosh and Stephen Beard and Taewook Oh and Matthew Zoufaly and David Walker and David I. August},
	title = "{A Survey of the Practice of Computational Science}",
	booktitle = {Proceedings of the 24th ACM/IEEE Conference on High Performance Computing, Networking, Storage and Analysis},
	year = {2011},
	doi = {10.1145/2063348.2063374},
}

@article{b:wilson2013,
	author = {Greg Wilson and D. A. Aruliah and C. Titus Brown and Neil P. Chue Hong and Matt Davis and Richard T. Guy and Steven H.D. Haddock and Kathryn D. Huff and Ian M. Mitchell and Mark D. Plumbley and Ben Waugh and Ethan P. White and Paul Wilson},
	journal = {PLoS Biology},
	publisher = {Public Library of Science},
	title = {Best Practices for Scientific Computing},
	year = {2014},
	month = {January},
	volume = {12},
	url = {http://dx.doi.org/10.1371\%2Fjournal.pbio.1001745},
	pages = {e1001745},
	number = {1},
	doi = {10.1371/journal.pbio.1001745}
}
